@misc{fhe,
  author       = {Junfeng Fan and Frederik Vercauteren},
  year         = {2012},
  month        = mar,
  title        = {Somewhat Practical Fully Homomorphic Encryption},
  lastaccessed = {May 4, 2024},
  url          = {https://eprint.iacr.org/2012/144.pdf}
}

@misc{csci1515,
  author       = {Peihan Mao},
  year         = {2024},
  month        = apr,
  title        = {CSCI 1515: Introduction to Cryptography},
  lastaccessed = {May 4, 2024},
  url          = {https://cs.brown.edu/courses/csci1515/}
}